<?xml version="1.0" encoding="UTF-8"?><collection xmlns="http://www.loc.gov/MARC21/slim"><record><leader>00372nam--2200121-i-4500</leader><controlfield tag="001">000049510</controlfield><controlfield tag="002">20161230</controlfield><controlfield tag="005">20161230201047</controlfield><controlfield tag="008">060222s1000------------r-----000-0-eng-d</controlfield><datafield ind1=" " ind2=" " tag="100"><subfield code="a">Procofiev, V.K</subfield></datafield><datafield ind1=" " ind2=" " tag="245"><subfield code="a">Metode fotografice de analiza spectrala cantitativa a metalelor si aliajelor. trad. din lb. rusa. vol. 2. metodica</subfield></datafield><datafield ind1=" " ind2=" " tag="260"><subfield code="a">Bucuresti, I.D.T., 1951</subfield></datafield><datafield ind1=" " ind2=" " tag="852"><subfield code="a">3030</subfield></datafield></record></collection>